<record><leader>01209cam a2200313 a 4500</leader><controlfield tag="001">1348705</controlfield><controlfield tag="008">910111s1985    enkb              1 eng d</controlfield><datafield ind1=" " ind2=" " tag="015"><subfield code="a">B8526997</subfield></datafield><datafield ind1=" " ind2=" " tag="015"><subfield code="a">B8526997</subfield></datafield><datafield ind1=" " ind2=" " tag="020"><subfield code="a">0002712458</subfield></datafield><datafield ind1=" " ind2=" " tag="035"><subfield code="a">ocm12520104</subfield></datafield><datafield ind1=" " ind2=" " tag="040"><subfield code="a">Uk</subfield><subfield code="b">eng</subfield><subfield code="c">Uk</subfield><subfield code="d">CaOONL</subfield></datafield><datafield ind1=" " ind2=" " tag="049"><subfield code="a">AEU</subfield><subfield code="b">eng</subfield></datafield><datafield ind1="0" ind2=" " tag="050"><subfield code="a">PR6056.R287</subfield></datafield><datafield ind1="0" ind2=" " tag="082"><subfield code="a">823/.914</subfield><subfield code="2">19</subfield></datafield><datafield ind1="0" ind2=" " tag="090"><subfield code="a">PR 6056 R22 F584 1985</subfield></datafield><datafield ind1="1" ind2=" " tag="100"><subfield code="a">Fraser, George MacDonald,</subfield><subfield code="d">1925-2008.</subfield></datafield><datafield ind1="1" ind2="0" tag="245"><subfield code="a">Flashman and the dragon :</subfield><subfield code="b">from the Flashman papers, 1860 /</subfield><subfield code="c">edited and arranged by George MacDonald Fraser.</subfield></datafield><datafield ind1=" " ind2=" " tag="260"><subfield code="a">London :</subfield><subfield code="b">Collins Harvill,</subfield><subfield code="c">1985.</subfield></datafield><datafield ind1=" " ind2=" " tag="300"><subfield code="a">320 p. :</subfield><subfield code="b">2 maps ;</subfield><subfield code="c">22 cm.</subfield></datafield><datafield ind1=" " ind2=" " tag="336"><subfield code="a">text</subfield><subfield code="b">txt</subfield><subfield code="2">rdacontent</subfield></datafield><datafield ind1=" " ind2=" " tag="337"><subfield code="a">unmediated</subfield><subfield code="b">n</subfield><subfield code="2">rdamedia</subfield></datafield><datafield ind1=" " ind2=" " tag="338"><subfield code="a">volume</subfield><subfield code="b">nc</subfield><subfield code="2">rdacarrier</subfield></datafield><datafield ind1=" " ind2=" " tag="500"><subfield code="a">Maps on lining papers.</subfield></datafield><datafield ind1=" " ind2=" " tag="590"><subfield code="a">University of Alberta copy in the Sarjeant Humour Collection.</subfield><subfield code="5">CaAEU</subfield></datafield><datafield ind1=" " ind2=" " tag="596"><subfield code="a">38</subfield></datafield><datafield ind1=" " ind2=" " tag="886"><subfield code="a">083</subfield><subfield code="d">00</subfield><subfield code="a">Fiction in English,</subfield><subfield code="b">1945- - Texts</subfield></datafield><datafield ind1=" " ind2=" " tag="926"><subfield code="a">PR 6056 R22 F584 1985</subfield><subfield code="w">LC</subfield><subfield code="c">2</subfield><subfield code="i">0162015451840</subfield><subfield code="l">ON_SHELF</subfield><subfield code="m">UABARD</subfield><subfield code="p">$150.00</subfield><subfield code="r">Y</subfield><subfield code="s">Y</subfield><subfield code="t">BOOK</subfield><subfield code="u">4/22/2002</subfield><subfield code="o">.STAFF.  A0029621</subfield></datafield><datafield ind1=" " ind2=" " tag="926"><subfield code="a">PR 6056 R22 F584 1985</subfield><subfield code="w">LC</subfield><subfield code="c">3</subfield><subfield code="i">0162024247635</subfield><subfield code="l">ON_SHELF</subfield><subfield code="m">UABARD</subfield><subfield code="p">$150.00</subfield><subfield code="r">Y</subfield><subfield code="s">Y</subfield><subfield code="t">BOOK</subfield><subfield code="u">6/27/2007</subfield><subfield code="o">.STAFF. A0051490</subfield></datafield></record>